@misc{nbim2025,
  author       = {{Norges Bank Investment Management}},
  title        = {Returns},
  year         = {2025},
  howpublished = {\url{https://www.nbim.no/en/investments/returns/}},
  note         = {Accessed: 2025-10-07}
}

@misc{sijoitusmetsat2024,
  title        = {Press Release: Forest Property Market Prices Increased Modestly in 2024},
  year         = {2024},
  howpublished = {\url{https://sijoitusmetsat.fi/en/press-release-forest-property-market-prices-increased-modestly-in-2024/}},
  note         = {Accessed: 2025-10-07}
}

@article{lam2023,
  author  = {Lam, Pauline and Wurgler, Jeffrey},
  title   = {Green Bonds: New Label, Same Projects},
  journal = {Unknown Journal},
  year    = {2023},
  note    = {Publication details unavailable}
}

@misc{reuters2025,
  author       = {{Dharamraj Dhutia and Jaspreet Kalra}},
  title        = {Indian rupee to track portfolio inflows; bond yields likely to fall},
  year         = {2025},
  howpublished = {\url{https://www.reuters.com/world/india/indian-rupee-track-portfolio-inflows-bond-yields-likely-fall-2025-10-06/}},
  note         = {Accessed: 2025-10-07}
}